@inproceedings{hartenstein_2024,
	title = {{KI}-gestützte Modernisierung von Altanwendungen: Anwendungsfelder von {LLMs} im Software Reengineering},
	url = {https://dl.gi.de/handle/20.500.12116/44181},
	shorttitle = {{KI}-gestützte Modernisierung von Altanwendungen},
	abstract = {Die Integration von Large Language Models, kurz {LLMs}, in den Modernisierungsprozess von Altanwendungen bietet nicht nur eine Vielzahl technologischer Möglichkeiten, sondern dient auch als starke Motivation für Unternehmen, ihre bestehenden Systeme zu verbessern. {LLMs} repräsentieren einen bedeutsamen Fortschritt in der künstlichen Intelligenz ({KI}), veraltete Anwendungen können mit, aber auch durch {LLMs} aufgewertet werden. Diese Ausarbeitung adressiert die folgenden Fragen zur Implementierung von {LLMs} im Modernisierungsprozess: {FF}1 Wie können {LLMs} die Modernisierung von Altan wendungen im Anforderungsmanagement unter stützen? {FF}2 Inwiefern ermöglichen {LLMs} effiziente Software Reengineering Prozesse?},
	eventtitle = {Softwaretechnik-Trends Band 44, Heft 2},
	publisher = {Gesellschaft für Informatik e.V.},
	author = {Hartenstein, Sandro and Schmietendorf, Andreas},
	urldate = {2024-08-15},
	date = {2024},
	langid = {german},
}
